@inproceedings{bae2010dimension,
  title={Dimension reduction and visualization of large high-dimensional data via interpolation},
  author={Bae, Seung-Hee and Choi, Jong Youl and Qiu, Judy and Fox, Geoffrey C},
  booktitle={Proceedings of the 19th ACM International Symposium on High Performance Distributed Computing},
  pages={203--214},
  year={2010},
  organization={ACM}
}

@article{bunte2012general,
  title={A general framework for dimensionality-reducing data visualization mapping},
  author={Bunte, Kerstin and Biehl, Michael and Hammer, Barbara},
  journal={Neural Computation},
  volume={24},
  number={3},
  pages={771--804},
  year={2012},
  publisher={MIT Press}
}

@inproceedings{gisbrecht2012out,
  title={Out-of-sample kernel extensions for nonparametric dimensionality reduction.},
  author={Gisbrecht, Andrej and Lueks, Wouter and Mokbel, Bassam and Hammer, Barbara},
  booktitle={ESANN},
  volume={2012},
  pages={531--536},
  year={2012}
}

@article{gisbrecht2015parametric,
  title={Parametric nonlinear dimensionality reduction using kernel t-SNE},
  author={Gisbrecht, Andrej and Schulz, Alexander and Hammer, Barbara},
  journal={Neurocomputing},
  volume={147},
  pages={71--82},
  year={2015},
  publisher={Elsevier}
}